@book{sagan_1993, 
    place = "New York", 
    title = "Brocas brain: reflections on the romance of science", 
    publisher = "Presidio Press", 
    author = "Sagan, Carl", 
    year = 1993
}

@article{ghia_1982,
    author = "U. Ghia and K. N. Ghia and C. T. Shin",
    title = "High-Re Solutions for Incompressible Flow Using the Navier-Stokes Equations and a Multigrid Method",
    journal = "Journal of Computational Physics",
    volume = "48",
    pages = "387--411",
    year = 1982
}

@article{wets1974stochastic,
  title={Stochastic programs with fixed recourse: The equivalent deterministic program},
  author={Wets, Roger J-B},
  journal={SIAM review},
  volume={16},
  number={3},
  pages={309--339},
  year={1974},
  publisher={SIAM}
}

@article{voronoi1908,
  title={Nouvelles applications des param{\`e}tres continus {\`a} la th{\'e}orie des formes quadratiques. Deuxi{\`e}me m{\'e}moire. Recherches sur les parall{\'e}llo{\`e}dres primitifs.},
  author={Voronoi, Georges},
  journal={Journal f{\"u}r die reine und Angewandte Mathematik (Crelles Journal)},
  volume={1908},
  number={134},
  pages={198--287},
  year={1908},
  publisher={De Gruyter}
}

@article{tilmant2008assessing,
  title={Assessing marginal water values in multipurpose multireservoir systems via stochastic programming},
  author={Tilmant, Amaury and Pinte, D and Goor, Quentin},
  journal={Water Resources Research},
  volume={44},
  number={12},
  year={2008},
  publisher={Wiley Online Library}
}

@article{van1969shaped,
  title={L-shaped linear programs with applications to optimal control and stochastic programming},
  author={Van Slyke, Richard M and Wets, Roger},
  journal={SIAM Journal on Applied Mathematics},
  volume={17},
  number={4},
  pages={638--663},
  year={1969},
  publisher={SIAM}
}

@article{infanger1996cut,
  title={Cut sharing for multistage stochastic linear programs with interstage dependency},
  author={Infanger, Gerd and Morton, David P},
  journal={Mathematical Programming},
  volume={75},
  number={2},
  pages={241--256},
  year={1996},
  publisher={Springer}
}

@article{hjelmeland2018nonconvex,
  title={Nonconvex medium-term hydropower scheduling by stochastic dual dynamic integer programming},
  author={Hjelmeland, Martin N and Zou, Jikai and Helseth, Arild and Ahmed, Shabbir},
  journal={IEEE Transactions on Sustainable Energy},
  volume={10},
  number={1},
  pages={481--490},
  year={2018},
  publisher={IEEE}
}

@article{breslin2009gas,
  title={Gas storage: Rolling instrinsic valuation},
  author={Breslin, John and Clewlow, Les and Elbert, Tobias and Kwok, Calvin and Strickland, Chris and van der Zee, Daniel},
  journal={Energy Risk},
  volume = {January},
  pages={61--65},
  year={2009}
}

@book{puterman2014markov,
  title={Markov Decision Processes: Discrete Stochastic Dynamic Programming},
  author={Puterman, Martin L},
  year={2014},
  publisher={Wiley}
}


% This reference is visible in the Bibliography, but not in the text above it. To see how this is done, have a look at the code for the 'Introduction'-section
@misc{nordpool_spotprice,
    author = {NordPool AS}, 
    title = {Historical Market Data}, 
    howpublished = {\url{https://www.nordpoolgroup.com/historical-market-data/}}, 
    note = {Accessed 2020--10--15},      
}

@online{imt_software_wik,
    author = "NTNU, Department of Marine Technology", 
    title = "IMT Software Wiki - LaTeX", 
    url = {https://www.ntnu.no/wiki/display/imtsoftware/LaTeX}, 
    note = {Accessed 2020--09--15},      
}
@article{helseth2018detailed,
  title={Detailed long-term hydro-thermal scheduling for expansion planning in the {N}ordic power system},
  author={Helseth, Arild and Mo, Birger and Lote Henden, Arild and Warland, Geir},
  journal={IET Generation, Transmission \& Distribution},
  volume={12},
  number={2},
  pages={441--447},
  year={2018},
  publisher={Wiley Online Library}
}
@article{gjelsvik2010long,
  title={Long-and medium-term operations planning and stochastic modelling in hydro-dominated power systems based on stochastic dual dynamic programming},
  author={Gjelsvik, Anders and Mo, Birger and Haugstad, Arne},
  journal={Handbook of power systems I},
  pages={33--55},
  year={2010},
  publisher={Springer}
}


@article{helseth2010long,
  title={Long-term scheduling of hydro-thermal power systems using scenario fans},
  author={Helseth, A and Mo, B and Warland, G},
  journal={Energy Systems},
  volume={1},
  number={4},
  pages={377--391},
  year={2010},
  publisher={Springer}
}


@misc{our_world_in_data_hydro,
    author = "Our World in Data", 
    title = "Electricity Mix", 
    howpublished = {\url{https://ourworldindata.org/electricity-mix#:~:text=Hydropower\%20makes\%20a\%20large\%20contribution,from\%20hydropower\%20across\%20the\%20world.}}, 
    note = {Accessed 2021--06--10},      
}

@online{ssb_stats,
    author = "Statistisk Sentralbyrå", 
    title = "Electricity Statistic", 
    url = "https://www.ssb.no/en/energi-og-industri/statistikker/elektrisitet/aar\%20", 
    urldate = {Accessed 2020--10--05},
}
@online{three_gorges_price,
    author = "Reuters", 
    title = "China says Three Gorges Dam cost \$37 billion", 
    url = "https://www.reuters.com/article/idUSPEK84588", 
    urldate = "2021-06-10"   
}

@online{nordpool_bidding_areas,
    author = {NordPool AS}, 
    title = {Bidding Areas}, 
    url = {https://www.nordpoolgroup.com/the-power-market/Bidding-areas/}, 
    urldate = {2020--10--15}, 
}


@online{nordpool_price_calculation,
    author = {NordPool AS}, 
    title = {Price calculation}, 
    url = {https://www.nordpoolgroup.com/trading/Day-ahead-trading/Price-calculation/}, 
    urldate = {2020--10--15},  
}


@online{kraftmarkedet_nettside_energifakta,
    author = "Olje- og energidepartementet", 
    title = "Kraftmarkedet", 
    url = "https://energifaktanorge.no/norsk-energiforsyning/kraftmarkedet/", 
    urldate = "2020-10-15"      
}

@book{harvey1990a,
  title={Forecasting, structural time series models and the {K}alman filter},
  author={Harvey, Andrew C},
  year={1990},
  publisher={Cambridge University Press}
}

@online{kraftmarkedet_nettside_statnett,
    author = "Statnett", 
    title = "Kraftmarkedet", 
    url = "https://www.statnett.no/for-aktorer-i-kraftbransjen/systemansvaret/kraftmarkedet/", 
    urldate = "Accessed 2020-10-15",      
}
@book{masse1946a,
  title={Les R{\'e}serves et la r{\'e}gulation de l'avenir dans la vie {\'e}conomique: Avenir d{\'e}termin{\'e}. I},
  author={Mass{\'e}, Pierre},
  year={1946},
  publisher={Hermann \& cie}
}

@online{krafthistorie_på_5_min,
    author = "Regjeringen.no", 
    title = "Norsk vannkrafthistorie på 5 minutter", 
    url = "https://www.regjeringen.no/no/tema/energi/fornybar-energi/norsk-vannkrafthistorie-pa-fem-minutter/id2346106/", 
    urldate = "Accessed 2020--12--15", 
}
@article{koekebakker2005a,
  title={Forward curve dynamics in the {N}ordic electricity market},
  author={Koekebakker, Steen and Ollmar, Fridthjof},
  journal={Managerial Finance},
  volume={31},
  number={6},
  pages={73--94},
  year={2005}
}
@article{finardi2005unit,
  title={Unit commitment of single hydroelectric plant},
  author={Finardi, EC and Da Silva, EL},
  journal={Electric Power Systems Research},
  volume={75},
  number={2--3},
  pages={116--123},
  year={2005},
  publisher={Elsevier}
}
@article{mitsos2009mccormick,
  title={McCormick-based relaxations of algorithms},
  author={Mitsos, Alexander and Chachuat, Benoit and Barton, Paul I},
  journal={SIAM Journal on Optimization},
  volume={20},
  number={2},
  pages={573--601},
  year={2009},
  publisher={SIAM}
}

@article{moran2018a,
  title={Sustainable hydropower in the 21st century},
  author={Moran, Emilio F and Lopez, Maria Claudia and Moore, Nathan and M{\"u}ller, Norbert and Hyndman, David W},
  journal={Proceedings of the National Academy of Sciences},
  volume={115},
  number={47},
  pages={11891--11898},
  year={2018},
  publisher={National Acad Sciences}
}

@mastersthesis{tonnesen2005a,
  title={Kraftmarkedet: overv{\aa}kning av det norske kraftmarkedet},
  author={T{\o}nnesen, Thomas Wiik},
  year={2005}
}



@article{schwartz2000a,
  title={Short-term variations and long-term dynamics in commodity prices},
  author={Schwartz, Eduardo and Smith, James E},
  journal={Management Science},
  volume={46},
  number={7},
  pages={893--911},
  year={2000},
  publisher={Informs}
}

@article{fleten2003a,
  title={Constructing forward price curves in electricity markets},
  author={Fleten, Stein-Erik and Lemming, Jacob},
  journal={Energy Economics},
  volume={25},
  number={5},
  pages={409--424},
  year={2003},
  publisher={Elsevier}
}
@article{fleten2011bidding,
  title={Bidding hydropower generation: Integrating short-and long-term scheduling},
  author={Fleten, Stein-Erik and Haugstvedt, Daniel and Steinsb{\o}, Jens Arne and Belsnes, Michael and Fleischmann, Franziska},
  year={2011}
}


@article{alquist2010a,
  author = {Alquist, R. and Kilian, L.},
  year = {2010},
  title = {What do we learn from the price of crude oil futures?},
  volume = {25},
  pages = {539--573},
  language = {en},
  journal = {Journal of Applied econometrics},
  number = {4}
}

@article{bevin-mccrimmon2018a,
  author = {Bevin-McCrimmon, F. and Diaz-Rainey, I. and McCarten, M. and Sise, G.},
  year = {2018},
  title = {Liquidity and risk premia in electricity futures},
  volume = {75},
  pages = {503--517},
  journal = {Energy Economics}
}

@article{bjerksund2011a,
  author = {Bjerksund, P. and Stensland, G. and Vagstad, F.},
  year = {2011},
  title = {Gas storage valuation: Price modelling v.\ optimization methods},
  volume = {32},
  language = {en},
  journal = {The Energy Journal},
  number = {1}
}

@article{boogert2008a,
  author = {Boogert, A. and De Jong, C.},
  year = {2008},
  title = {Gas storage valuation using a {M}onte {C}arlo method},
  volume = {15},
  pages = {81--98},
  language = {en},
  journal = {The Journal of Derivatives},
  number = {3}
}

@article{cartea2005a,
  author = {Cartea, A. and Figueroa, M.G.},
  year = {2005},
  title = {Pricing in electricity markets: a mean reverting jump diffusion model with seasonality},
  volume = {12},
  pages = {313--335},
  language = {en},
  journal = {Applied Mathematical Finance},
  number = {4}
}

@book{clewlow2000a,
  author = {Clewlow, L. and Strickland, C.},
  year = {2000},
  title = {Energy Derivatives: Pricing and Risk Management},
  publisher = {Lacima Publ},
  language = {en}
}

@article{christensen2012a,
  author = {Christensen, T.M. and Hurn, A.S. and Lindsay, K.A.},
  year = {2012},
  title = {Forecasting spikes in electricity prices},
  volume = {28},
  pages = {400--411},
  language = {en},
  journal = {International Journal of Forecasting},
  number = {2}
}

@article{de2006a,
  author = {De Jong, C.},
  year = {2006},
  title = {The nature of power spikes: A regime-switch approach},
  volume = {10},
  language = {en},
  journal = {Studies in Nonlinear Dynamics \& Econometrics},
  number = {3}
}

@inproceedings{deng2000a,
  author = {Deng, S.},
  year = {2000-01},
  title = {Pricing electricity derivatives under alternative stochastic spot price models},
  pages = {10–},
  publisher = {IEEE},
  language = {en},
  booktitle = {Proceedings of the 33rd Annual Hawaii International Conference on System Sciences}
}

@inproceedings{engmark2018a,
  author = {Engmark, E. and Sandven, H. and Fleten, S.-E. and Klæboe, G.},
  year = {2018-06},
  title = {Stochastic multistage bidding optimisation in an intraday market with limited liquidity},
  pages = {1–5},
  publisher = {IEEE},
  language = {en},
  booktitle = {2018 15th International Conference on the European Energy Market (EEM)}
}

@article{MaDB21,
title = {Asynchronous parallel stochastic dual dynamic programming applied to hydrothermal generation planning},
journal = {Electric Power Systems Research},
volume = {191},
pages = {106907},
year = {2021},
issn = {0378-7796},
doi = {https://doi.org/10.1016/j.epsr.2020.106907},
url = {https://www.sciencedirect.com/science/article/pii/S0378779620307057},
author = {Felipe D.R. Machado and Andre Luiz Diniz and Carmen L.T. Borges and Lilian C. Brandão},
keywords = {Decomposition, Hydrothermal coordination, Parallel computing, Stochastic dual dynamic programming}
}

@article{escribano2011a,
  author = {Escribano, A. and Ignacio Peña, J. and Villaplana, P.},
  year = {2011},
  title = {Modelling electricity prices: International evidence},
  volume = {73},
  pages = {622--650},
  language = {en},
  journal = {Oxford Bulletin of Economics and Statistics},
  number = {5}
}

@article{geman2006a,
  author = {Geman, H. and Roncoroni, A.},
  year = {2006},
  title = {Understanding the fine structure of electricity prices},
  volume = {79},
  pages = {1225--1261},
  language = {en},
  journal = {The Journal of Business},
  number = {3}
}

@article{haarbruecker2009a,
  author = {Haarbrücker, G. and Kuhn, D.},
  year = {2009},
  title = {Valuation of electricity swing options by multistage stochastic programming},
  volume = {45},
  pages = {889--899},
  language = {en},
  journal = {Automatica},
  number = {4}
}

@article{hellstroem2012a,
  author = {Hellström, J. and Lundgren, J. and Yu, H.},
  year = {2012},
  title = {Why do electricity prices jump? Empirical evidence from the {N}ordic electricity market},
  volume = {34},
  pages = {1774--1781},
  language = {en},
  journal = {Energy Economics},
  number = {6}
}

@article{karakatsani2008a,
  author = {Karakatsani, N.V. and Bunn, D.W.},
  year = {2008},
  title = {Forecasting electricity prices: The impact of fundamentals and time-varying coefficients},
  volume = {24},
  pages = {764--785},
  language = {en},
  journal = {International Journal of Forecasting},
  number = {4}
}

@article{knittel2005a,
  author = {Knittel, C. R. and Roberts, M. R.},
  year = {2005},
  title = {An empirical examination of restructured electricity prices},
  volume = {27},
  pages = {791--817},
  language = {en},
  journal = {Energy Economics},
  number = {5}
}

@article{lauritzen1989a,
  author = {Lauritzen, S. L. and Wermuth, N.},
  year = {1989},
  title = {Graphical models for associations between variables, some of which are qualitative and some quantitative},
  pages = {31--57},
  language = {en},
  journal = {The Annals of Statistics}
}

@article{lundin2020a,
  author = {Lundin, E. and Tangerås, T. P.},
  year = {2020},
  title = {Cournot competition in wholesale electricity markets: The {N}ordic power exchange, {N}ord {P}ool},
  volume = {68},
  pages = {102536},
  language = {en},
  journal = {International Journal of Industrial Organization}
}

@article{mishra2016a,
  author = {Mishra, V. and Smyth, R.},
  year = {2016},
  title = {Are natural gas spot and futures prices predictable?},
  volume = {54},
  pages = {178–186},
  language = {en},
  journal = {Economic Modelling}
}
@mastersthesis{monteiro2020a,
  author = {Monteiro, M. D.},
  year = {2020},
  title = {A Novel Semiparametric Structural Model for Electricity Forward Curve},
  school = {Pontifícia Universidade Católica do Rio de Janeiro}
}
@article{nemirovski2009robust,
  title={Robust stochastic approximation approach to stochastic programming},
  author={Nemirovski, Arkadi and Juditsky, Anatoli and Lan, Guanghui and Shapiro, Alexander},
  journal={SIAM Journal on Optimization},
  volume={19},
  number={4},
  pages={1574--1609},
  year={2009},
  publisher={SIAM}
}

@article{nomikos2012a,
  author = {Nomikos, N. and Andriosopoulos, K.},
  year = {2012},
  title = {Modelling energy spot prices: Empirical evidence from {NYMEX}},
  volume = {34},
  pages = {1153--1169},
  language = {es},
  journal = {Energy economics}
}
@article{bally2003quantization,
  title={A quantization algorithm for solving multidimensional discrete-time optimal stopping problems},
  author={Bally, Vlad and Pages, Gilles and others},
  journal={Bernoulli},
  volume={9},
  number={6},
  pages={1003--1049},
  year={2003},
  publisher={Bernoulli Society for Mathematical Statistics and Probability}
}

@incollection{borovkova2006a,
  title={Modelling electricity prices by the potential jump-diffusion},
  author={Borovkova, Svetlana and Permana, Ferry Jaya},
  booktitle={Stochastic Finance},
  pages={239--263},
  year={2006},
  publisher={Springer}
}

@book{pinsky2010a,
  title={An introduction to stochastic modeling},
  author={Pinsky, Mark and Karlin, Samuel},
  year={2010},
  publisher={Academic press}
}

@book{berk2017a,
  title={Corporate Finance, 4th global edition},
  author={Berk, J and DeMarzo, P},
  publisher={Pearson Education limited},
  year={2016}
}

@book{pilipovic1998a,
  author = {Pilipovic, D.},
  year = {1998},
  title = {Energy risk: Valuing and managing energy derivatives},
  volume = {2},
  publisher = {McGraw-Hill},
  language = {en},
  address = {New York}
}

@book{reeve2011a,
  author = {Reeve, T.A. and Vigfusson, R.J.},
  year = {2011},
  title = {Evaluating the forecasting performance of commodity futures prices},
  publisher = {FRB International Finance Discussion Paper},
  language = {en}
}

@book{reichsfeld2011a,
  author = {Reichsfeld, D.A. and Roache, S.K.},
  year = {2011},
  title = {Do commodity futures help forecast spot prices?},
  volume = {254},
  publisher = {International Monetary Fund},
  issue = {11)},
  language = {en}
}

@misc{sarr2002a,
  author = {Sarr, A. and Lybek, T.},
  year = {2002},
  title = {Measuring liquidity in financial markets},
  language = {en}
}

@article{thompson2009a,
  author = {Thompson, M. and Davison, M. and Rasmussen, H.},
  year = {2009},
  title = {Natural gas storage valuation and optimization: A real options application},
  volume = {56},
  pages = {226--238},
  language = {en},
  journal = {Naval Research Logistics (NRL)},
  number = {3}
}
@article{davis2012a,
  author = {Davis, G. A.},
  year = {2012},
  title = {Simulating the two-factor {S}chwartz and {S}mith model of commodity prices},
  volume = {57},
  pages = {130--140},
  language = {en},
  journal = {The Engineering Economist},
  number = {2}
}
@misc{goodwin2013a,
  author = {Goodwin, D.},
  year = {2020},
  title = {Schwartz-{S}mith 2-Factor Model: Parameter estimation},
  howpublished = {\url{https://www.mathworks.com/matlabcentral/fileexchange/43352-schwartz-smith-2-factor-model-parameter-estimation}},
  note = {Accessed 2021--11--09},
}

@article{lucia2002a,
  author = {Lucia, J. J. and Schwartz, E. S.},
  year = {2002},
  title = {Electricity prices and power derivatives: Evidence from the {N}ordic power exchange},
  volume = {5},
  pages = {5--50},
  language = {en},
  journal = {Review of Derivatives Research},
  number = {1}
}



@article{tsay1989a,
  title={Testing and modeling threshold autoregressive processes},
  author={Tsay, Ruey S},
  journal={Journal of the American Statistical Association},
  volume={84},
  number={405},
  pages={231--240},
  year={1989},
  publisher={Taylor \& Francis Group}
}

@article{weron2014a,
  author = {Weron, R.},
  year = {2014},
  title = {Electricity price forecasting: A review of the state-of-the-art with a look into the future},
  volume = {30},
  pages = {1030--1081},
  language = {en},
  journal = {International Journal of Forecasting},
  number = {4}
}

@book{zhu2009a,
  author = {Zhu, J.},
  year = {2009},
  title = {Applications of {F}ourier transform to smile modeling: Theory and implementation},
  publisher = {Springer Science \& Business Media},
  language = {en}
}

@inproceedings{bakken2002a,
  author = {Bakken, B.H. and Bjørkvoll, T.},
  year = {2002-07},
  title = {Hydropower unit start-up costs},
  volume = {3},
  pages = {1522--1527},
  publisher = {IEEE},
  language = {en},
  booktitle = {IEEE Power Engineering Society Summer Meeting}
}

@article{bean1987a,
  author = {Bean, J.C. and Birge, J.R. and Smith, R.L.},
  year = {1987},
  title = {Aggregation in dynamic programming},
  volume = {35},
  pages = {215--220},
  language = {en},
  journal = {Operations Research},
  number = {2}
}

@book{hillier2012a,
  title={Introduction to Operations Research},
  author={Hillier, Frederick S},
  year={2012},
  publisher={Tata McGraw-Hill Education}
}

@book{mcdonald2006a,
  title={Derivatives Markets},
  author={McDonald, Robert L.},
  year={2006},
  publisher={Addison-Wesley Boston}
}

@book{bellman1957a,
  author = {Bellman, R.E.},
  title = {Dynamic Programming},
  publisher = {Princeton University Press},
    year = {1957},
  language = {en}
}

@article{braaten2016a,
  author = {Braaten, S. V. and Gjønnes, O. and Hjertvik, K. J. and Fleten, S.-E.},
  year = {2016},
  title = {Linear decision rules for seasonal hydropower planning: Modelling considerations},
  language = {en},
  journal = {Energy Procedia},
  volume = {87},
  pages = {28--35}
  
}

@article{brown2010a,
  author = {Brown, D. B. and Smith, J. E. and Sun, P.},
  year = {2010},
  title = {Information relaxations and duality in stochastic dynamic programs},
  volume = {58},
  pages = {785--801},
  language = {en},
  journal = {Operations Research},
  number = {4-part-1}
}

@article{de2015a,
  author = {De Jong, C.},
  year = {2015},
  title = {Gas storage valuation and optimization},
  volume = {24},
  pages = {365--378},
  language = {en},
  journal = {Journal of Natural Gas Science and Engineering}
}

@article{coulibaly2000a,
  author = {Coulibaly, P. and Anctil, F. and Bobée, B.},
  year = {2000},
  title = {Neural network‐based long‐term hydropower forecasting system},
  volume = {15},
  pages = {355--364},
  language = {en},
  journal = {Computer‐Aided Civil and Infrastructure Engineering},
  number = {5}
}
@article{de_Ladurantaye2009a,
  author = {De Ladurantaye, D. and Gendreau, M. and Potvin, J.Y.},
  year = {2009},
  title = {Optimizing profits from hydroelectricity production},
  volume = {36},
  pages = {499--529},
  language = {en},
  journal = {Computers \& Operations Research},
  number = {2}
}

@article{de_Ladurantaye2007a,
  title={Strategic bidding for price-taker hydroelectricity producers},
  author={De Ladurantaye, Daniel and Gendreau, Michel and Potvin, Jean-Yves},
  journal={IEEE Transactions on Power Systems},
  volume={22},
  number={4},
  pages={2187--2203},
  year={2007},
  publisher={IEEE}
}

@article{mccormick1976a,
  title={Computability of global solutions to factorable nonconvex programs: Part I—Convex underestimating problems},
  author={McCormick, Garth P},
  journal={Mathematical Programming},
  volume={10},
  number={1},
  pages={147--175},
  year={1976},
  publisher={Springer}
}
@article{cerisola2012a,
  title={Stochastic dual dynamic programming applied to nonconvex hydrothermal models},
  author={Cerisola, Santiago and Latorre, Jesus M and Ramos, Andres},
  journal={European Journal of Operational Research},
  volume={218},
  number={3},
  pages={687--697},
  year={2012},
  publisher={Elsevier}
}
@article{pan2015a,
  title={Robust stochastic optimization for reservoir operation},
  author={Pan, Limeng and Housh, Mashor and Liu, Pan and Cai, Ximing and Chen, Xin},
  journal={Water Resources Research},
  volume={51},
  number={1},
  pages={409--429},
  year={2015},
  publisher={Wiley Online Library}
}


@article{fleten2008a,
  author = {Fleten, S.E. and Kristoffersen, T.K.},
  year = {2008},
  title = {Short-term hydropower production planning by stochastic programming},
  volume = {35},
  pages = {2656--2671},
  language = {en},
  journal = {Computers \& Operations Research},
  number = {8}
}

@article{tilmant2008a,
  title={Assessing marginal water values in multipurpose multireservoir systems via stochastic programming},
  author={Tilmant, Amaury and Pinte, D and Goor, Quentin},
  journal={Water Resources Research},
  volume={44},
  number={12},
  year={2008},
  publisher={Wiley Online Library}
}

@article{fosso1999a,
  author = {Fosso, O.B. and Gjelsvik, A. and Haugstad, A. and Mo, B. and Wangensteen, I.},
  year = {1999},
  title = {Generation scheduling in a deregulated system. The {N}orwegian case},
  volume = {14},
  pages = {75--81},
  language = {en},
  journal = {IEEE Transactions on Power Systems},
  number = {1}
}
@article{seguin2015s,
  title={Self-scheduling short-term unit commitment and loading problem},
  author={S{\'e}guin, Sara and C{\^o}t{\'e}, Pascal and Audet, Charles},
  journal={IEEE Transactions on Power Systems},
  volume={31},
  number={1},
  pages={133--142},
  year={2015},
  publisher={IEEE}
}

@article{SeAC17,
  title={Scenario-tree modeling for stochastic short-term hydropower operations planning},
  author={S{\'e}guin, Sara and Audet, Charles and C{\^o}t{\'e}, Pascal},
  journal={Journal of Water Resources Planning and Management},
  volume={143},
  number={12},
  year={2017},
  publisher={American Society of Civil Engineers}
}


@article{kong2020overview,
  title={An overview on formulations and optimization methods for the unit-based short-term hydro scheduling problem},
  author={Kong, Jiehong and Skjelbred, Hans Ivar and Fosso, Olav Bjarte},
  journal={Electric Power Systems Research},
  volume={178},
  pages={106027},
  year={2020},
  publisher={Elsevier}
}

@article{forsond2005a,
  title={Samkjøringsmodellen: en oversikt med vekt på økonomisk tolkning},
  author={Førsund, Finn R and Mo, Birger and Singh, Balbir and Wolfgang, Ove},
  year={2005},
  publisher={SNF}
}

@article{singh2017operation,
  title={Operation of hydro power plants-a review},
  author={Singh, Vineet Kumar and Singal, SK},
  journal={Renewable and Sustainable Energy Reviews},
  volume={69},
  pages={610--619},
  year={2017},
  publisher={Elsevier}
}

@article{georghiou2019a,
  author = {Georghiou, A. and Kuhn, D. and Wiesemann, W.},
  year = {2019},
  title = {The decision rule approach to optimization under uncertainty: methodology and applications},
  volume = {16},
  pages = {545--576},
  language = {en},
  journal = {Computational Management Science},
  number = {4}
}
@article{roald2023power,
  title={Power systems optimization under uncertainty: A review of methods and applications},
  author={Roald, Line A and Pozo, David and Papavasiliou, Anthony and Molzahn, Daniel K and Kazempour, Jalal and Conejo, Antonio},
  journal={Electric Power Systems Research},
  volume={214},
  pages={108725},
  year={2023},
  publisher={Elsevier}
}

@incollection{gjelsvik2010a,
  author = {Gjelsvik, A. and Mo, B. and Haugstad, A.},
  year = {2010},
  title = {Long-and medium-term operations planning and stochastic modelling in hydro-dominated power systems based on stochastic dual dynamic programming},
  pages = {33--55},
  publisher = {Springer},
  language = {en},
  booktitle = {Handbook of Power Systems I}
}

@article{coulibaly2000a,
  title={Daily reservoir inflow forecasting using artificial neural networks with stopped training approach},
  author={Coulibaly, Paulin and Anctil, Fran{\c{c}}ois and Bob{\'e}e, Bernard},
  journal={Journal of Hydrology},
  volume={230},
  number={3--4},
  pages={244--257},
  year={2000},
  publisher={Elsevier}
}

@inproceedings{gjelsvik2005a,
  title={Considering head variations in a linear model for optimal hydro scheduling},
  author={Gjelsvik, A and Haugstad, A},
  booktitle={Proceedings, Hydropower},
  volume={5},
  year={2005}
}

@article{goor2011a,
  author = {Goor, Q. and Kelman, R. and Tilmant, A.},
  year = {2011},
  title = {Optimal multipurpose-multireservoir operation model with variable productivity of hydropower plants},
  volume = {137},
  pages = {258--267},
  language = {en},
  journal = {Journal of Water Resources Planning and Management},
  number = {3}
}

@article{gray2004a,
  author = {Gray, J. and Khandelwal, P.},
  year = {2004},
  title = {Realistic gas storage models II: Trading strategies},
  pages = {1--5},
  language = {en},
  journal = {Commodities Now}
}

@article{guan1997a,
  author = {Guan, X. and Ni, E. and Li, R. and Luh, P.B.},
  year = {1997},
  title = {An optimization-based algorithm for scheduling hydrothermal power systems with cascaded reservoirs and discrete hydro constraints},
  volume = {12},
  pages = {1775--1780},
  language = {en},
  journal = {IEEE Transactions on Power Systems},
  number = {4}
}

@article{helseth2016a,
  author = {Helseth, A. and Fodstad, M. and Mo, B.},
  year = {2016},
  title = {Optimal medium-term hydropower scheduling considering energy and reserve capacity markets},
  volume = {7},
  pages = {934--942},
  language = {en},
  journal = {IEEE Transactions on Sustainable Energy},
  number = {3}
}

@article{lai2010a,
  author = {Lai, G. and Margot, F. and Secomandi, N.},
  year = {2010},
  title = {An approximate dynamic programming approach to benchmark practice-based heuristics for natural gas storage valuation},
  volume = {58},
  pages = {564--582},
  language = {en},
  journal = {Operations Research},
  number = {3}
}
@article{de_vany1999a,
  title={Cointegration analysis of spot electricity prices: insights on transmission efficiency in the {W}estern {US}},
  author={De Vany, Arthur S and Walls, W David},
  journal={Energy Economics},
  volume={21},
  number={5},
  pages={435--448},
  year={1999},
  publisher={Elsevier}
}
@article{wallace2003stochastic,
  title={Stochastic programming models in energy},
  author={Wallace, Stein W and Fleten, Stein-Erik},
  journal={Handbooks in Operations Research and Management Science},
  volume={10},
  pages={637--677},
  year={2003},
  publisher={Elsevier}
}

@article{benth2007a,
  title={Extracting and applying smooth forward curves from average-based commodity contracts with seasonal variation},
  author={Benth, Fred Espen and Koekkebakker, Steen and Ollmar, Fridthjof},
  journal={The Journal of Derivatives},
  volume={15},
  number={1},
  pages={52--66},
  year={2007},
  publisher={Institutional Investor Journals Umbrella}
}

@mastersthesis{boger2016a,
  title={Structural estimation analysis in hydropower scheduling},
  author={Boger, Maren and Vestb{\o}stad, Einar Midttun},
  year={2016},
  school={NTNU}
}

@article{liang2000a,
  author = {Liang, R.H.},
  year = {2000},
  title = {A noise annealing neural network for hydroelectric generation scheduling with pumped-storage units},
  volume = {15},
  pages = {1008--1013},
  language = {en},
  journal = {IEEE transactions on Power Systems},
  number = {3}
}

@article{li1997a,
  author = {Li, C.A. and Svoboda, A.J. and Tseng, C.L. and Johnson, R.B. and Hsu, E.},
  year = {1997},
  title = {Hydro unit commitment in hydro-thermal optimization},
  volume = {12},
  pages = {764--769},
  language = {en},
  journal = {IEEE Transactions on Power Systems},
  number = {2}
}

@misc{barz1999a,
  title={Energy Modelling and the management of uncerianty},
  author={Barz, G and Johnson, B},
  year={1999},
  publisher={RISK Books}
}

@article{loehndorf2010a,
  author = {Löhndorf, N. and Minner, S.},
  year = {2010},
  title = {Optimal day-ahead trading and storage of renewable energies—an approximate dynamic programming approach},
  volume = {1},
  pages = {61--77},
  language = {en},
  journal = {Energy Systems},
  number = {1}
}

@article{loehndorf2013a,
  author = {Löhndorf, N. and Wozabal, D. and Minner, S.},
  year = {2013},
  title = {Optimizing trading decisions for hydro storage systems using approximate dual dynamic programming},
  volume = {61},
  pages = {810--823},
  language = {en},
  journal = {Operations Research},
  number = {4}
}

@article{k,
  title={The Value of Coordination in Multimarket Bidding of Grid Energy Storage},
  author={L{\"o}hndorf, Nils and Wozabal, David},
  journal={Working paper, TU Munich},
  year={2020}
}
@article{LoWa20,
author = {L\"{o}hndorf, Nils and Wozabal, David},
title = {The Value of Coordination in Multimarket Bidding of Grid Energy Storage},
journal = {Operations Research},
volume = 71,
number = 1,
year = {2022},
doi = {10.1287/opre.2021.2247},
}

@article{AvPL21,
  title={Parallel and distributed computing for stochastic dual dynamic programming},
  author={{\'A}vila, D and Papavasiliou, A and L{\"o}hndorf, N},
  journal={Computational Management Science},
  volume = {19},
  pages = {199—226},
  year={2022},
  publisher={Springer}
  
}

@article{mariano2008a,
  author = {Mariano, S.J.P.S. and Catalão, J.P.S. and Mendes, V.M.F. and Ferreira, L.A.F.M.},
  year = {2008},
  title = {Optimising power generation efficiency for head-sensitive cascaded reservoirs in a competitive electricity market},
  volume = {30},
  pages = {125--133},
  language = {en},
  journal = {International Journal of Electrical Power \& Energy Systems},
  number = {2}
}

@article{mo2013a,
  author = {Mo, L. and Lu, P. and Wang, C. and Zhou, J.},
  year = {2013},
  title = {Short-term hydro generation scheduling of {T}hree {G}orges–{G}ezhouba cascaded hydropower plants using hybrid {MACS-ADE} approach},
  volume = {76},
  pages = {260--273},
  language = {en},
  journal = {Energy Conversion and Management}
}

@book{munoz-hernandez2012a,
  author = {Munoz-Hernandez, G.A. and Jones, D.I.},
  year = {2012},
  title = {Modelling and controlling hydropower plants},
  publisher = {Springer Science & Business Media},
  language = {en}
}

@article{perez_diaz2010a,
  author = {Pérez-Díaz, J.I. and Wilhelmi, J.R. and Sánchez-Fernández, J.Á.},
  year = {2010},
  title = {Short-term operation scheduling of a hydropower plant in the day-ahead electricity market},
  volume = {80},
  pages = {1535--1542},
  language = {en},
  journal = {Electric Power Systems Research},
  number = {12}
}

@article{pereira1991a,
  author = {Pereira, M.V. and Pinto, L.M.},
  year = {1991},
  title = {Multi-stage stochastic optimization applied to energy planning},
  volume = {52},
  pages = {359--375},
  language = {en},
  journal = {Mathematical Programming},
  number = {1--3}
}

@article{philpott2008a,
  author = {Philpott, A.B. and Guan, Z.},
  year = {2008},
  title = {On the convergence of stochastic dual dynamic programming and related methods},
  volume = {36},
  pages = {450--455},
  language = {en},
  journal = {Operations Research Letters},
  number = {4}
}

@book{powell2007a,
  author = {Powell, W.B.},
  year = {2007},
  title = {Approximate Dynamic Programming: Solving the curses of dimensionality},
  publisher = {John Wiley \& Sons},
  language = {en}
}

@article{pritchard2005a,
  author = {Pritchard, G. and Philpott, A.B. and Neame, P.J.},
  year = {2005},
  title = {Hydroelectric reservoir optimization in a pool market},
  volume = {103},
  pages = {445--461},
  language = {en},
  journal = {Mathematical Programming},
  number = {3}
}

@article{secomandi2010a,
  author = {Secomandi, N.},
  year = {2010},
  title = {Optimal commodity trading with a capacitated storage asset},
  volume = {56},
  pages = {449--467},
  language = {en},
  journal = {Management Science},
  number = {3}
}

@article{ding2019python,
  title={A {P}ython package for multi-stage stochastic programming},
  author={Ding, Lingquan and Ahmed, Shabbir and Shapiro, Alexander},
  journal={Optimization Online},
  year={2019}
}

@article{lloyd1982least,
  title={Least squares quantization in {PCM}},
  author={Lloyd, Stuart},
  journal={IEEE Transactions on Iformation Theory},
  volume={28},
  number={2},
  pages={129--137},
  year={1982},
  publisher={IEEE}
}

@techreport{secomandi2014a,
  author = {Secomandi, N.},
  year = {2014},
  title = {Analysis and enhancement of practice-based policies for the real option management of commodity storage assets},
  publisher = {Carnegie Mellon University},
  language = {en},
  type = {Working Paper},
  address = {Pittsburgh}
}

@INPROCEEDINGS{shawwash1999a},
  author={Shawwash, Z.K. and Siu, T.K. and Russel, S.O.},
  booktitle={Proceedings of the 21st International Conference on Power Industry Computer Applications. Connecting Utilities. PICA 99. To the Millennium and Beyond (Cat. No.99CH36351)}, 
  title={The BC Hydro short term hydro scheduling optimization model}, 
  year={1999},
  volume={},
  number={},
  pages={183-189},
  doi={10.1109/PICA.1999.779402}}


@article{stedinger1984a,
  author = {Stedinger, J.R. and Sule, B.F. and Loucks, D.P.},
  year = {1984},
  title = {Stochastic dynamic programming models for reservoir operation optimization},
  volume = {20},
  pages = {1499--1505},
  language = {en},
  journal = {Water Resources Research},
  number = {11}
}

@article{seguin2017a,
  author = {Séguin, S. and Fleten, S.-E. and Côté, P. and Pichler, A. and Audet, C.},
  year = {2017},
  title = {Stochastic short-term hydropower planning with inflow scenario trees},
  volume = {259},
  pages = {1156--1168},
  language = {en},
  journal = {European Journal of Operational Research},
  number = {3}
}

@article{trezos1987a,
  author = {Trezos, T. and Yeh, W. W. G.},
  year = {1987},
  title = {Use of stochastic dynamic programming for reservoir management},
  volume = {23},
  pages = {983--996},
  language = {en},
  journal = {Water Resources Research},
  number = {6}
}

@article{turgeon2007a,
  author = {Turgeon, A.},
  year = {2007},
  title = {Stochastic optimization of multireservoir operation: The optimal reservoir trajectory approach},
  volume = {43},
  language = {en},
  journal = {Water Resources Research},
  number = {5}
}

@article{turgeon1980a,
  author = {Turgeon, A.},
  year = {1980},
  title = {Optimal operation of multireservoir power systems with stochastic inflows},
  volume = {16},
  pages = {275--283},
  language = {en},
  journal = {Water Resources Research},
  number = {2}
}

@article{valdes1992a,
  author = {Valdés, J.B. and Filippo, J.M.D. and Strzepek, K.M. and Restrepo, P.J.},
  year = {1992},
  title = {Aggregation-disaggregation approach to multireservoir operation},
  volume = {118},
  pages = {423--444},
  language = {en},
  journal = {Journal of Water Resources Planning and Management},
  number = {4}
}

@article{diaz2010optimal,
  title={Optimal scheduling of a price-taker cascaded reservoir system in a pool-based electricity market},
  author={Diaz, F Javier and Contreras, Javier and Mu{\~n}oz, Jos{\'e} Ignacio and Pozo, David},
  journal={IEEE Transactions on Power Systems},
  volume={26},
  number={2},
  pages={604--615},
  year={2010},
  publisher={IEEE}
}

@article{li2013hydro,
  title={Hydro unit commitment via mixed integer linear programming: A case study of the {T}hree {G}orges project, China},
  author={Li, Xiang and Li, Tiejian and Wei, Jiahua and Wang, Guangqian and Yeh, William W-G},
  journal={IEEE Transactions on Power Systems},
  volume={29},
  number={3},
  pages={1232--1241},
  year={2013},
  publisher={IEEE}
}
@article{wu2012a,
  author = {Wu, O.Q. and Wang, D.D. and Qin, Z.},
  year = {2012},
  title = {Seasonal energy storage operations with limited flexibility: The price-adjusted rolling intrinsic policy},
  volume = {14},
  pages = {455--471},
  language = {en},
  journal = {Manufacturing \& Service Operations Management},
  number = {3}
}
@article{cheng2016hydro,
  title={Hydro unit commitment with a head-sensitive reservoir and multiple vibration zones using MILP},
  author={Cheng, Chuntian and Wang, Jiayang and Wu, Xinyu},
  journal={IEEE Transactions on Power Systems},
  volume={31},
  number={6},
  pages={4842--4852},
  year={2016},
  publisher={IEEE}
}

@article{yakowitz1982a,
  author = {Yakowitz, S.},
  year = {1982},
  title = {Dynamic programming applications in water resources},
  volume = {18},
  pages = {673--696},
  language = {en},
  journal = {Water Resources Research},
  number = {4}
}

@article{yu1998a,
  author = {Yu, Z. and Sparrow, F.T. and Bowen, B.H.},
  year = {1998},
  title = {A new long-term hydro production scheduling method for maximizing the profit of hydroelectric systems},
  volume = {13},
  pages = {66--71},
  language = {en},
  journal = {IEEE Transactions on Power Systems},
  number = {1}
}


@article{shapiro2012,
  author = {Shapiro, A. and Tekaya, W. and da Costa, J. P. and Soares, M. P},
  year = {2013},
  title = {Risk neutral and risk averse Stochastic Dual Dynamic Programming method},
  volume = {13},
  pages = {375--391},
  journal = {European Journal of Operational Research},
  publisher={Elsevier}
}
@incollection{shapiro2005complexity,
  title={On complexity of stochastic programming problems},
  author={Shapiro, Alexander and Nemirovski, Arkadi},
  booktitle={Continuous Optimization. Applied Optimization},
  editor = {Jeyakumar, V. and Rubinov, A.},
  pages={111--146},
  year={2005},
  volume = 99,
  address = {Boston, MA},
  publisher={Springer}
}

@article{Lohndorf2019,
  author = {Löhndorf, N. and Shapiro, A.},
  year = {2019},
  title = {Modeling time-dependent randomness in stochastic dual dynamic programming},
  journal = {European Journal of Operational Research},
  volume = {273},
  pages = {650--661},
  language = {en},
  publisher={Elsevier}
}



@article{Lohmann2016,
  author = {Lohmann, T. and Hering, A.S. and
  Rebennack, S.},
  year = {2016},
  title = {Spatio-temporal hydro forecasting of multireservoir inflows for
hydro-thermal scheduling},
  volume = {13},
  pages = {243--258},
  language = {en},
  publisher={Elsevier}
}

@article{da_Costa2006,
  author = {da Costa, J. P. and de Oliveira, G. C. and
  Legey, L. V. L.},
  year = {2006},
  title = {Reduced scenario tree generation for mid-term hydrothermal operation planning},
  language = {en},
  publisher={IEEE},
  journal= {2006 International Conference on Probabilistic Methods Applied to Power Systems}
}

@book{box-jenkins1976,
  title={Time series analysis: forecasting and control},
  author={Box, G.E.P and Jenkins, G.M},
  year={1976},
  publisher={John Wiley \& Sons}
}

@article{Valipour2012,
  author = {Valipour, M. and Banihabib, M. E. and da Costa, J. P. and Behbahani, S. M. R.},
  year = {2012},
  title = {Comparison of the {ARMA}, {ARIMA}, and the autoregressive artificial neural
network models in forecasting the monthly inflow of {D}ez dam reservoir},
  volume = {13},
  pages = {433--441},
  journal = {Journal of Hydrology},
  publisher={Elsevier}
}

@article{Jain1999,
  author = {Jain, S. K. and Das, A. and Srivastava, D. K. and Behbahani, S.M.R.},
  year = {1999},
  title = {Application of {ANN} for Reservoir Inflow Prediction and Operation},
  volume = {125},
  pages = {263--271},
  language = {en},
  journal = {Journal of Water Resources Planning and Management},

}

@article{delage2019dice,
  title={“Dice”-sion--Making Under Uncertainty: When Can a Random Decision Reduce Risk?},
  author={Delage, Erick and Kuhn, Daniel and Wiesemann, Wolfram},
  journal={Management Science},
  volume={65},
  number={7},
  pages={3282--3301},
  year={2019},
  publisher={Informs}
}

@article{downward2020stochastic,
  title={Stochastic dual dynamic programming with stagewise-dependent objective uncertainty},
  author={Downward, Anthony and Dowson, Oscar and Baucke, Regan},
  journal={Operations Research Letters},
  volume={48},
  number={1},
  pages={33--39},
  year={2020},
  publisher={Elsevier}
}

%\begin{thebibliography}{}


@book{bertsekas2012dynamic,
  title={Dynamic Programming and Optimal Control: Volume I},
  author={Bertsekas, Dimitri},
  address = {Belmont, MA, USA},
  year={2005},
  publisher={Athena Scientific}
}


%paralell implementations of SDDP and variants 

@ARTICLE{EdsonErlon2003,  author={da Silva, E.L. and Finardi, E.C.},  journal={IEEE Transactions on Parallel and Distributed Systems},   title={Parallel processing applied to the planning of hydrothermal systems},   year={2003},  volume={14},  number={8},  pages={721-729},  doi={10.1109/TPDS.2003.1225052}}

@ARTICLE{PintoBorges2013,  author={Pinto, Roberto J. and Borges, CarmenL. T. and Maceira, Maria E. P.},  journal={IEEE Transactions on Power Systems},   title={An Efficient Parallel Algorithm for Large Scale Hydrothermal System Operation Planning},   year={2013},  volume={28},  number={4},  pages={4888-4896},  doi={10.1109/TPWRS.2012.2236654}}

@article{helseth_braaten_2015,
author = {Helseth, Arild and Braaten, Hallvard},
year = {2015},
month = {12},
pages = {14287-14297},
title = {Efficient Parallelization of the Stochastic Dual Dynamic Programming Algorithm Applied to Hydropower Scheduling},
volume = {8},
journal = {Energies},
doi = {10.3390/en81212431}
}

@ARTICLE{dietze,  author={Dietze, Marina and Chávarry, Iago and Freire, Ana Carolina and Valladão, Davi and Street, Alexandre and Fleten, Stein-Erik},  journal={IEEE Transactions on Power Systems},   title={A Novel Semiparametric Structural Model for Electricity Forward Curves},   year={2022},  volume={},  number={},  pages={1-11},  doi={10.1109/TPWRS.2022.3197982}}

